@article{Dirac,
  title   = "The lorentz transformation and absolute time",
  journal = "Physica ",
  volume  = "19",
  number  = "1-–12",
  pages   = "888--896",
  year    = "1953",
   
  author  = "P.A.M. Dirac"
}

@article{Feynman,
  title   = "The theory of a general quantum system interacting with a linear dissipative system",
  journal = "Annals of Physics ",
  volume  = "24",
  pages   = "118--173",
  year    = "1963",
  doi     = "10.1016/0003-4916(63)90068-X",
  author  = "R.P Feynman and F.L {Vernon Jr.}"
}

@article{andrews,
  title={The burning velocity of methane-air mixtures},
  author={Andrews, GE and Bradley, D},
  journal={Combustion and flame},
  volume={19},
  number={2},
  pages={275--288},
  year={1972},
  publisher={Elsevier}
}

@book{bradshaw,
  title={An introduction to turbulence and its measurement: thermodynamics and fluid mechanics series},
  author={Bradshaw, Peter},
  year={2013},
  publisher={Elsevier}
}
@article{duncombe,
  title={Infrared navigation—Part I: An assessment of feasibility},
  author={Duncombe, JU},
  journal={IEEE Trans. Electron Devices},
  volume={11},
  number={1},
  pages={34--39},
  year={1959}
}
@book{mkgandhi,
  title={Autobiography: The story of my experiments with truth},
  author={Gandhi, Mohandas Karamchand},
  year={1983},
  publisher={Courier Corporation},
  edition={2nd}
}

@misc{grasham1952,
  title={Palm tree pruner},
  author={Grasham, Charles W},
  year={1952},
  month=jan # "~8",
  publisher={Google Patents},
  note={US Patent 2,581,479}
}

